% Encoding: UTF-8

@article{LOR,
author = {Lorenz, Edward N.},
title = {Deterministic Nonperiodic Flow},
journal = {Journal of the Atmospheric Sciences},
volume = {20},
number = {2},
pages = {130-141},
year = {1963},
doi = {10.1175/1520-0469(1963)020<0130:DNF>2.0.CO;2}
}

@book{TABOR,
  title={Chaos and integrability in nonlinear dynamics: an introduction},
  author={Tabor, Michael},
  year={1989},
  publisher={Wiley}
}

@Book{CHAL,
  author    = {Cristos Haldoupis},
  title     = {Εισαγωγή στην ατμοσφαιρική φυσική},
  year      = {2015},
  publisher = {Σύνδεσμος Ελληνικών Ακαδημαϊκων Βιβλιοθηκών},
}

@Book {horsch,
    author = {George M. Horsch},
    title  = {Υδροδυναμική Κόλπων και Ταμιευτήρων (Σημειώσεις για το μάθημα)},
    year   = {2012},
    publisher = {Πανεπιστήμιο Πατρών, Τμήμα Πολιτικών Μηχανικών},
}

@Book{KAMPF,
  author    = {Jochen Kämpf},
  title     = {Ocean Modeling for Beginners, Using Open-Source Software},
  year      = {2009},
  publisher = {Springer},
}

@Book{NMOOP,
  author    = {Kantha, Lakshmi H. and Clayson, Carol A.},
  title     = {Numerical models of oceans and oceanic processes},
  year      = {2000},
  publisher = {Academic Press},
  isbn      = {9780124340688},
}

@manual{parbolicDisk,
author        = {Cleon Teunissen},
title         = {Inertial oscillations},
year          = {2017},
note  = "\url{http://www.cleonis.nl/physics/phys256/inertial_oscillations.php}"}

@article{courant1928partiellen,
  title={{\"U}ber die partiellen Differenzengleichungen der mathematischen Physik},
  author={Courant, Richard and Friedrichs, Kurt and Lewy, Hans},
  journal={Mathematische annalen},
  volume={100},
  number={1},
  pages={32--74},
  year={1928},
  publisher={Springer}
}

@book{koutitas,
  title={Mathematical models in coastal engineering},
  author={Koutitas, Christopher G},
  year={1988},
  publisher={Pentech Press}
}

@book{vreugdenhil2013numerical,
  title={Numerical methods for shallow-water flow},
  author={Vreugdenhil, Cornelis Boudewijn},
  volume={13},
  year={2013},
  publisher={Springer Science \& Business Media}
}

@Comment{jabref-meta: databaseType:biblatex;}
